@book{flajolet2009analytic,
  title={Analytic combinatorics},
  author={Flajolet, Philippe and Sedgewick, Robert},
  year={2009},
  publisher={cambridge University press}
}
@article{landsberg2009return,
  title={\textit{The Return of Monty Hall}},
  author={Adam S. Landsberg},
  journal={The Mathematical Intelligencer},
  volume={31},
  number={2},
  pages={1},
  year={2009},
}
@article{curtin2006locker,
  title={\textit{The locker puzzle}},
  author={Curtin, Eugene and Warshauer, Max},
  journal={The Mathematical Intelligencer},
  volume={28},
  number={1},
  pages={28--31},
  year={2006}
}